3342 5550
689 732 754 776 mlx
777 730 983 776 FRISIONUM.

749 954 865 1000 va111
884 940 926 998 43.

335 1043 373 1106 Si
390 1046 422 1089 34
453 1041 589 1106 caballus
621 1056 674 1107 aut
707 1044 760 1107 bos
792 1054 846 1106 aut
877 1042 1030 1127 quodlibet
1065 1045 1185 1108 animal
1201 1049 1233 1092 ²⁵
1271 1048 1395 1112 lomim'

286 1150 394 1215 vulnus
424 1149 578 1226 intulerit,
610 1151 750 1213 domiuus
775 1152 856 1227 eius,
884 1151 970 1212 iuata
995 1149 1173 1232 qualitatem
1198 1152 1333 1217 uolueris
1356 1156 1389 1217 iu

284 1256 394 1341 simplo
427 1277 604 1339 componere
636 1257 805 1331 iudicetur,
840 1268 868 1319 et
899 1266 958 1319 tres
984 1268 1092 1340 partes
1115 1257 1153 1321 ele
1176 1258 1249 1342 ipso
1273 1261 1388 1324 mulcta

286 1374 525 1447 componantur,
551 1375 664 1447 quarto
683 1362 826 1448 portione
850 1362 995 1436 dimissu·

331 1469 409 1532 iuter
427 1472 458 1515 33
491 1469 647 1531 Wisaram
680 1480 708 1531 et
737 1466 902 1530 Latrboolu’
931 1478 994 1530 tota
1017 1469 1194 1551 compositio
1218 1470 1251 1532 iu
1275 1472 1391 1556 simplo

278 1574 475 1659 persolvitur.

764 1695 854 1741 ans
871 1677 914 1741 ²⁷.

330 1785 369 1848 Si
386 1787 417 1831 2⁸
441 1784 530 1846 homo
562 1784 700 1866 quislibet
722 1784 812 1848 telum
838 1807 932 1847 mam
971 1796 1049 1849 tenet
1067 1787 1108 1859 ²9,
1134 1794 1162 1848 et
1183 1786 1286 1868 ipsum
1312 1809 1385 1850 oasa

285 1890 416 1975 quolibet
446 1889 588 1952 iuoiderit
618 1912 710 1974 super
742 1889 857 1967 alium,
892 1901 979 1954 eatro
1014 1890 1196 1954 voluntatem
1234 1892 1299 1955 eius
1335 1895 1389 1975 qui

282 2010 361 2073 illud
375 2031 469 2071 mauu
488 2019 573 2084 tenet,
597 2010 629 2069 iu
652 2008 762 2092 simplo
786 2010 873 2071 iuuto
897 2009 1073 2091 qualitatem
1096 2008 1231 2072 malueris
1256 2031 1383 2093 eampo·

281 2128 337 2179 uat
354 2118 397 2179 ³⁰·

766 2236 842 2281 Lxx
859 2222 903 2284 ³¹.

330 2327 481 2390 Similiter
516 2337 543 2389 et
573 2348 656 2409 puer
691 2325 744 2408 qui
778 2326 914 2388 uoudum
950 2324 1026 2390 XII
1063 2349 1158 2390 amoos
1182 2327 1276 2390 liabet
1292 2329 1390 2404 ³2,u'

283 2432 405 2496 utilibet
428 2432 534 2496 uulrtus
558 2429 709 2506 intulerit,
732 2430 765 2491 ia
788 2430 898 2516 simplo
923 2445 1085 2516 oompouat
1101 2436 1143 2494 33.

760 2552 848 2597 LXXI
865 2540 907 2599 34.

329 2642 419 2704 Haeo
436 2644 467 2686 33
485 2662 585 2703 omues
601 2641 829 2725 ooupositioues
845 2640 937 2703 liberi
958 2644 1087 2706 ltomiuis
1110 2655 1188 2720 sunt,
1237 2642 1385 2733 (Lxxn.)

281 2748 315 2810 iu
332 2750 364 2796 33
398 2746 494 2812 mobili
528 2747 648 2810 ltomiue
683 2746 812 2810 dimidio
847 2748 999 2828 maiores,
1056 2748 1214 2836 (Lxxln.)
1263 2752 1297 2812 iu
1332 2750 1384 2815 lito

280 2855 438 2917 medietate
459 2855 593 2916 miuores
610 2855 651 2914 3⁷.

328 2961 415 3025 Iuter
433 2962 465 3006 33
501 2959 591 3026 Flelti
626 2969 652 3021 et
687 2957 861 3040 Siuosolam
895 2959 1012 3024 solidus
1045 2974 1088 3025 est
1117 2963 1177 3025 aluo
1210 2965 1335 3027 dotarii
1358 2978 1385 3029 et

282 3067 446 3145 dimidius,
478 3067 521 3130 ad
550 3087 661 3130 uorum
684 3074 856 3140 monetam;

328 3176 406 3237 iuter
437 3175 592 3236 Wisaram
623 3183 651 3236 et
681 3171 824 3234 Laubaoi
846 3172 906 3236 aa
931 3174 1055 3236 denarii
1075 3175 1147 3236 uooi
1169 3173 1286 3238 solidus
1310 3189 1361 3240 est.

740 3280 922 3340 Lxx1v39.

330 3385 368 3448 Si
399 3385 504 3469 linqua
530 3384 678 3468 praeoisu
701 3386 819 3466 suerit,
849 3384 951 3446 medio
983 3385 1143 3469 uereqildo
1174 3401 1384 3471 oompouotur·

748 3505 848 3551 Lxxv
865 3489 907 3549 40.

248 3644 249 3648 ,
328 3593 367 3657 St
382 3593 449 3678 quis
472 3593 622 3656 homiuem
645 3604 797 3656 mortuum
821 3594 979 3677 effodiemt,
1005 3608 1032 3659 et
1056 3598 1102 3659 ibi
1125 3596 1247 3680 aliquid
1270 3601 1384 3682 tulerit,

281 3713 313 3764 ut
338 3712 456 3766 caetero
475 3700 562 3782 furta
587 3711 798 3784 comportatur.

653 3911 878 3958 WULEMARUS
904 3912 1018 3959 DIOIT:

738 4103 914 4164 uxxv141.

328 4199 363 4267 Si
400 4204 471 4288 quis
507 4203 589 4269 liber
624 4227 758 4269 uxorem
795 4205 927 4270 alterius
963 4215 1074 4268 contra
1110 4205 1213 4292 legem
1250 4208 1382 4292 tulerit,

278 4308 393 4374 reddat
424 4332 494 4374 eam
526 4319 559 4373 et
589 4309 712 4375 facinus
745 4322 794 4375 ter
827 4310 1062 4397 quinquaginta
1086 4311 1189 4376 tribus
1213 4313 1324 4380 solidis
1349 4329 1381 4382 et

276 4415 421 4480 tremisse
439 4420 471 4462 42
496 4425 674 4499 componat,
699 4425 732 4480 et
755 4439 814 4499 pro
838 4415 929 4478 freda
954 4414 994 4479 ad
1019 4426 1142 4508 partem
1168 4419 1253 4506 regis
1277 4443 1381 4489 were.

272 4521 397 4609 gildam
422 4543 525 4584 suum.
