3342 5550
650 712 721 759 Lux
744 709 952 759 uu1s1ouuu.
1304 697 1345 759 37

242 920 389 999 nomine,
426 918 512 1007 quod
538 930 616 1006 pant
640 919 751 984 dicunt
770 924 812 998 ⁵⁹,
837 931 869 984 et
893 919 946 983 illo
970 918 1121 983 damnum
1146 917 1275 1004 aliquod
1299 914 1344 983 ibi

242 1026 452 1105 commiserit,
485 1026 538 1090 ille
574 1027 631 1112 qui
666 1049 740 1091 eum
772 1026 917 1104 sustulit,
949 1048 1009 1112 pro
1045 1024 1152 1090 damni
1188 1025 1343 1111 qualitate

243 1132 396 1199 mulctam
420 1143 557 1222 cogatur
581 1133 755 1199 exsolvere

651 1434 685 1499 Τ
709 1434 727 1499 Ι
750 1433 789 1498 Τ.
814 1433 871 1498 ΙΧ
889 1438 930 1497 66.

615 1658 665 1703 DE
689 1655 963 1704 GOMPOSITIONE.

288 1840 349 1906 Vis
367 1847 396 1890 ⁶¹
424 1853 481 1907 aut
512 1843 635 1908 furtum
666 1843 698 1906 in
733 1840 831 1930 duplo
864 1843 1082 1928 componitur,
1114 1854 1145 1908 et
1177 1844 1217 1909 ad
1249 1844 1340 1911 freda

239 1946 459 2035 weregildum.
520 2044 523 2049 Ι

657 2250 689 2313 Τ
713 2250 731 2314 Ι
756 2251 793 2314 Τ.
818 2250 856 2313 Χ
875 2254 916 2313 66.

589 2475 637 2519 ou
662 2475 709 2519 uc
732 2472 928 2519 suassaius
947 2460 989 2519 66.

751 2663 824 2724 166.

282 2763 322 2830 Si
355 2765 448 2831 bomo
481 2766 534 2830 alii
566 2789 684 2850 equum
722 2789 814 2829 suum
840 2768 1053 2852 praestiterit,
1086 2768 1139 2833 vel
1163 2772 1339 2854 quamlibet

232 2873 330 2937 aliam
364 2874 531 2959 pecuniam
550 2877 592 2950 65,
623 2872 717 2936 talem
750 2873 854 2957 qualis
887 2875 916 2938 ei
952 2875 1105 2960 praestita
1139 2888 1188 2941 est
1224 2876 1338 2945 reddat

234 2978 365 3042 domino
398 2981 481 3052 eius;
515 2988 546 3042 et
579 2979 604 3041 si
636 2977 719 3042 forte
748 2979 926 3064 peioratum
952 2979 1145 3060 reddiderit,
1168 2998 1338 3071 componat

233 3085 265 3147 ei
291 3084 380 3146 iuxta
405 3085 633 3169 quantitatem,
657 3107 721 3168 qua
745 3107 813 3147 rem
837 3085 906 3148 eius
931 3085 1130 3169 inpeioravit.

743 3192 829 3252 1166.

280 3293 409 3374 Quodsi
429 3297 582 3374 caballus,
605 3296 660 3380 qui
685 3296 857 3380 praestitus
882 3307 960 3375 erat,
984 3296 1088 3382 ipsum
1114 3299 1170 3383 qui
1194 3299 1283 3363 illum
1304 3305 1335 3350 ⁶⁷

234 3400 349 3465 habuit
381 3403 522 3467 calcibus
555 3403 727 3487 percussit,
760 3412 816 3465 aut
848 3401 930 3467 forte
963 3403 1096 3480 occidit,
1129 3404 1237 3469 nullus
1262 3429 1335 3473 eum

232 3506 347 3571 solvat.

647 3810 675 3874 Τ
700 3810 717 3873 Ι
742 3809 781 3874 Τ.
805 3809 861 3873 XI
879 3814 921 3872 66.

211 4020 215 4025 ’
296 4032 369 4080 uoc
394 4034 508 4081 ausus
531 4032 717 4079 asuescffl
742 4033 790 4077 oa
814 4027 965 4076 Hououu
989 4030 1211 4081 uauruouuu
1230 4022 1271 4082 69.

283 4220 347 4300 Qui
372 4221 490 4307 sonaim
522 4221 688 4306 offreqera't,
721 4229 748 4283 et
778 4217 822 4279 ibi
853 4216 975 4300 aliquid
1011 4219 1050 4280 du
1084 4223 1180 4286 auertit
1215 4225 1332 4305 tulerit,

227 4328 355 4391 ducitau
396 4330 441 4391 acl
479 4351 566 4392 more
585 4330 630 4404 ⁷⁰,
655 4337 683 4391 et
722 4328 754 4388 iu
778 4323 904 4398 sabulo,
945 4325 1027 4406 qaod
1066 4349 1199 4393 accessus
1238 4336 1335 4397 morie

230 4434 354 4520 operm
377 4435 467 4512 solet,
485 4436 648 4522 studuimus
673 4455 761 4497 auam
785 4431 859 4506 eiua,
884 4441 911 4492 et
936 4443 1090 4497 castrator
1109 4435 1150 4512 7¹,
1176 4450 1204 4501 er
1227 4439 1336 4504 immo.

225 4539 317 4605 taso
340 4542 402 4605 dias
421 4543 451 4588 ⁷2
477 4562 607 4624 quorum
631 4541 743 4624 templu
768 4537 894 4602 violavit
912 4537 952 4597 ⁷3.
