3342 5550
364 678 443 725 xxu
470 735 477 741 ¹
771 676 842 721 Lux
863 676 1069 723 rarsronuu.

367 882 560 969 epulantibus
590 881 785 964 omnibmque
816 884 1027 957 audientibus,
1058 881 1119 965 lapi
1144 879 1250 944 literae
1273 881 1380 957 iareim
1399 894 1476 966 port

366 990 474 1054 lectam
504 1009 574 1051 nero
606 987 743 1050 chartam
766 989 798 1051 in
822 989 923 1073 ipnern
941 989 1072 1072 proiecit
1095 995 1155 1049 etc.
1199 984 1245 1048 Et
1268 984 1301 1047 in
1325 986 1473 1071 capitulo

370 1096 427 1158 28:
467 1094 639 1177 Postquam
668 1092 811 1177 pontifea
846 1103 945 1156 creater
980 1095 1013 1155 in
1049 1092 1137 1155 Freis
1173 1093 1248 1175 (em.
1280 1092 1314 1153 in
1339 1088 1471 1177 Frcaia)

367 1201 572 1275 hiemaverat,
598 1197 754 1281 populant
785 1199 913 1259 matituna
940 1198 1078 1261 Domino
1103 1198 1253 1272 tanaus,
1278 1218 1371 1261 verno
1397 1209 1474 1262 tem·

362 1327 442 1391 pore
475 1305 666 1381 adveniente,
699 1314 835 1386 coeptum
868 1305 926 1367 iter
956 1304 1119 1388 carpebat,
1150 1303 1272 1366 veniens
1295 1304 1340 1365 ad
1363 1298 1474 1366 Fran·

367 1433 470 1474 concern
493 1431 594 1495 nepem
616 1412 737 1472 nomine
751 1408 940 1493 Daepbcrtlr,
957 1412 1012 1493 qui
1028 1432 1095 1473 eum
1112 1430 1180 1471 crem
1196 1408 1310 1471 honore
1326 1430 1474 1475 mansne·

366 1518 477 1581 tissime
508 1537 572 1599 pro
608 1515 722 1576 meritis
758 1517 822 1576 eius
858 1516 1004 1578 anteactis
1037 1516 1071 1577 in
1106 1536 1173 1577 eum
1207 1516 1354 1596 suscepit5
1386 1510 1473 1577 Gale

368 1618 485 1704 Script.
522 1619 596 1683 hist.
631 1616 777 1683 Britann.
813 1618 841 1682 I.
879 1642 908 1703 p.
946 1620 1000 1683 64.
1060 1618 1152 1683 Haec
1184 1618 1282 1682 verba
1305 1618 1473 1703 scriptoris

368 1724 510 1810 aequalis
542 1723 696 1809 probant,
727 1747 811 1787 anno
838 1725 903 1787 677
930 1723 1116 1811 Aldgislum
1140 1747 1249 1809 regem
1272 1723 1372 1787 fuisse
1396 1722 1474 1788 Fri·

368 1832 433 1895 siae
464 1829 600 1906 liberae,
632 1852 737 1914 nequo
769 1842 847 1893 tunc
871 1829 1007 1894 Frisiam
1033 1830 1092 1893 sub
1118 1828 1237 1894 ditione
1260 1852 1377 1915 regum
1402 1828 1474 1895 Da·

367 1936 495 2024 goberti
518 1934 555 1999 II
579 1946 612 1999 et
636 1933 828 1999 Theoderici
852 1934 959 2013 fuisse,
983 1935 1034 2000 vel
1059 1946 1171 1999 contra
1190 1933 1333 1999 Francos
1350 1934 1474 2000 beilum

368 2042 511 2129 gessisse.
544 2079 590 2088 -
624 2039 803 2104 Duodecim
832 2063 989 2104 annorum
1014 2053 1121 2105 autem
1146 2040 1247 2126 spatio
1271 2041 1472 2119 intermisso,

367 2157 448 2210 teste
489 2146 710 2209 continuatore
748 2144 939 2231 Fredegarii
957 2150 1007 2223 3¹,
1047 2145 1206 2231 Pippinus
1242 2145 1282 2209 ab
1318 2144 1473 2210 Herestal

367 2251 560 2316 Radbodum
592 2250 773 2314 Frisionem
808 2250 883 2313 vicit
916 2249 1123 2327 Durestadii‚
1157 2250 1244 2335 quod
1275 2251 1306 2312 in
1333 2251 1473 2314 confinio

368 2356 552 2421 Frisionum
577 2366 609 2419 et
626 2353 823 2419 Francorum
842 2357 937 2418 situm
956 2367 1003 2419 est
1020 2356 1061 2419 ad
1074 2355 1234 2434 Rhenum,
1250 2355 1326 2419 inde
1340 2355 1473 2420 Traiec-

369 2474 437 2525 tum
471 2460 639 2524 defluente.
688 2458 827 2525 Causam
858 2461 933 2525 belli
966 2484 1048 2526 anno
1082 2462 1147 2525 689
1178 2462 1261 2546 gesti
1285 2460 1370 2524 inter
1393 2460 1473 2546 Pip-

368 2568 497 2653 pinum,
530 2567 587 2650 qui
619 2588 701 2628 anno
736 2566 801 2629 687
836 2577 1021 2652 susceperat
1045 2566 1350 2630 administrationem
1374 2566 1473 2631 totius

368 2673 460 2758 regni
484 2671 692 2749 Franconici‚
717 2684 749 2735 et
771 2671 978 2748 Radbodum,
1004 2695 1099 2757 quem
1125 2673 1237 2737 dicunt
1260 2671 1364 2735 filium
1388 2671 1487 2737 Ald··

368 2779 441 2865 gisli
474 2778 576 2865 regie,
609 2779 769 2863 cognitam
801 2801 864 2841 non
897 2779 1070 2854 habemus3
1106 2801 1145 2842 ex
1177 2779 1215 2842 iis
1247 2790 1355 2844 autem
1388 2801 1473 2865 quae

368 2885 460 2950 Beda
483 2886 515 2948 in
541 2884 685 2948 Historia
709 2885 923 2949 ecclesiastica
948 2885 1130 2971 Anglorum
1162 2897 1288 2964 narrat,
1313 2883 1471 2964 efficitur,

368 2991 543 3077 Pippinum
569 2990 702 3054 victoria
725 2989 779 3054 illa
803 2990 940 3055 Frisiam
966 2990 1193 3055 occidentalem
1224 2990 1358 3055 Francis
1396 2992 1472 3056 sub·

366 3099 486 3162 iecisse.
540 3095 646 3160 Paulo
683 3106 776 3160 antea
801 3095 1005 3173 Wicbertus,
1031 3106 1111 3160 teste
1135 3095 1243 3174 Beda,
1271 3095 1470 3179 Frisionibus

367 3215 400 3268 et
433 3200 591 3266 Radbodo
628 3202 696 3286 regi
734 3224 844 3266 eorum
878 3225 936 3286 per
960 3201 1041 3264 duos
1066 3224 1164 3265 anrros
1188 3200 1308 3265 frustra
1332 3225 1472 3289 evange·

370 3309 448 3372 lium
485 3306 743 3392 praedicaverat3
781 3328 863 3369 anno
903 3306 970 3370 690
1006 3317 1117 3370 contra
1152 3303 1187 3372 S.
1219 3305 1471 3388 Willibrordus,

368 3436 409 3476 ex
445 3411 566 3497 Anglia
601 3410 633 3473 in
668 3410 807 3475 Frisiam
843 3410 1023 3495 profectus,
1060 3411 1215 3497 plurimos
1242 3410 1407 3477 Frisiones
1431 3413 1472 3478 ad

368 3517 493 3582 cultum
529 3517 737 3580 christianum
773 3517 951 3594 convertit,
987 3518 1161 3582 sustinente
1194 3541 1268 3582 eum
1293 3565 1313 3595 ‚,
1330 3519 1470 3606 Pippino

371 3670 389 3701 „
416 3621 498 3687 duce
532 3621 752 3700 Francorum,
790 3623 847 3707 qui
878 3645 982 3707 nuper
1013 3623 1193 3688 citeriorem
1216 3622 1354 3689 Frisiam
1378 3648 1470 3712 cepe·

362 3771 520 3784 —-

402 3872 431 3915 31
470 3864 545 3915 Cont.
568 3865 719 3928 Fredegarii
738 3864 834 3914 Ohron.
853 3879 908 3928 cap.
929 3870 988 3913 1022
1008 3863 1133 3928 lippinus
1151 3873 1237 3914 contra
1255 3863 1411 3928 Ratbodnnr,
1429 3865 1471 3915 du·

366 3963 415 3994 cem
430 3946 541 4010 pentr'lern
565 3945 705 3995 Frisiorum
720 3946 800 4010 pertis
810 3981 817 4004 ,
835 3946 953 3994 aduersus
977 3945 1120 3994 alterutrum
1137 3944 1222 3993 bellant
1240 3944 1376 3994 intulerunt
1392 3955 1471 3995 castro

366 4024 513 4086 Darestade,
528 4026 580 4075 iilic
597 4025 767 4090 bellrpcrantes
786 4026 886 4074 inor'rern
904 4025 1030 4090 Pippinus
1048 4026 1125 4073 erictor
1143 4026 1242 4084 exstitit,
1253 4024 1392 4090 superoque
1408 4024 1470 4076 Rur-

366 4106 426 4155 bodo
453 4104 513 4154 duce
538 4121 589 4154 curn
607 4102 764 4153 Frr'sionibus
781 4105 826 4166 qui
842 4112 983 4165 euaserant,
1002 4103 1062 4151 idem
1080 4103 1199 4166 Pippinr's
1216 4120 1267 4152 cunr
1285 4103 1369 4154 multra
1386 4105 1471 4170 spoliti

365 4195 388 4236 et
408 4184 505 4249 praeda
523 4200 634 4232 reversus
654 4192 703 4243 cst,
729 4183 851 4247 Bouquct
868 4184 904 4232 ΙΙ.
922 4200 947 4247 p.
965 4189 1023 4231 452.
1058 4182 1134 4242 Quae
1151 4183 1268 4232 Annales
1286 4184 1429 4235 Martenses
1445 4186 1471 4234 in

365 4267 438 4316 Mon.
463 4264 495 4313 G.
520 4263 567 4314 SS.
585 4265 606 4313 Ι.
623 4280 649 4328 p.
667 4270 725 4313 320.
743 4271 790 4313 321
812 4266 844 4314 de
862 4266 1024 4314 Frisionihus
1042 4265 1115 4313 annis
1134 4269 1182 4312 692
1202 4271 1228 4313 et
1246 4266 1294 4313 697
1313 4265 1390 4315 victis
1406 4267 1471 4316 refe·

367 4353 440 4405 runt‚
465 4345 543 4394 fidem
567 4345 701 4405 amittunt,
728 4346 798 4407 quod
824 4346 904 4394 iidem
930 4345 1035 4394 saeculo
1054 4344 1154 4393 docimo
1172 4344 1262 4408 scripti
1280 4358 1347 4406 quae
1365 4353 1471 4396 narrem

367 4425 524 4488 Fredegario
544 4425 764 4489 deprompserunt.

401 4512 433 4556 32
469 4507 508 4554 lto
536 4506 609 4555 Beda
632 4506 665 4555 V.
692 4520 713 4554 c.
743 4510 780 4553 10.
804 4509 903 4568 §380,
921 4507 964 4568 qui
991 4505 1094 4569 scripsit
1112 4520 1135 4554 a.
1154 4507 1203 4554 732
1221 4507 1279 4569 ipso
1297 4503 1471 4558 Willibrordo
